% title\s*=\s*\{([^{].*)\},
% title={{$1}},



@article{Banias,
  author = {Baniaș, O. and Florea, D. and Gyalai, R. and Curiac, D.},
  title={{Automated specification-based testing of rest apis}},
  journal = {Sensors},
  year = {2021},
  volume = {21},
  issue = {16},
  pages = {5375},
  doi = {10.3390/s21165375}
}

@article{Ehsan,
  author = {Ehsan, A. and Abuhaliqa, M. and Çatal, Ç. and Mishra, D.},
  title={{Restful api testing methodologies: rationale, challenges, and solution directions}},
  journal = {Applied Sciences},
  year = {2022},
  volume = {12},
  issue = {9},
  pages = {4369},
  doi = {10.3390/app12094369}
}

@article{Martin-Lopez,
  author = {Martin-Lopez, A. and Arcuri, A. and Segura, S. and Ruiz–Cortés, A.},
  title={{Black-box and white-box test case generation for restful apis: enemies or allies?}},
  year = {2021},
  doi = {10.1109/issre52982.2021.00034}
}

@article{Hossain,
  author = {Hossain, M. and Hassan, R. and Amjad, M. and Rahman, M.},
  title={{Web performance analysis: an empirical analysis of e-commerce sites in bangladesh}},
  journal = {International Journal of Information Engineering and Electronic Business},
  year = {2021},
  volume = {13},
  issue = {4},
  pages = {47-54},
  doi = {10.5815/ijieeb.2021.04.04}
}

@article{Martin-Lopez2,
  author = {Martin-Lopez, A. and Segura, S. and Ruiz–Cortés, A.},
  title={{Restest: automated black-box testing of restful web apis}},
  year = {2021},
  doi = {10.1145/3460319.3469082}
}

@article{Cazzola,
  author = {Cazzola, W. and Cesarini, F. and Tansini, L.},
  title={{Performerl: a performance testing framework for erlang}},
  journal = {Distributed Computing},
  year = {2022},
  volume = {35},
  issue = {5},
  pages = {439-454},
  doi = {10.1007/s00446-022-00429-7}
}


@article{Nordby,
  author = {Nordby, K. and Mallam, S. and Lützhöft, M.},
  title={{Open user interface architecture for digital multivendor ship bridge systems}},
  journal = {Wmu Journal of Maritime Affairs},
  year = {2019},
  volume = {18},
  issue = {2},
  pages = {297-318},
  doi = {10.1007/s13437-019-00168-w}
}

@article{Zhao,
  author = {Zhao, S.},
  title={{A new web performance testing framework for industrial internet platform}},
  year = {2024},
  volume = {2},
  issue = {1},
  pages = {1-4},
  doi = {10.62517/jbdc.202401101}
}